@article{Flight_Controller_Synthesis_Via_Deep_Reinforcement_Learning,
    author    = {William Koch},
    title     = {Flight Controller Synthesis Via Deep Reinforcement Learning},
    journal   = {CoRR},
    volume    = {abs/1909.06493},
    year      = {2019},
    url       = {http://arxiv.org/abs/1909.06493},
    eprinttype = {arXiv},
    eprint    = {1909.06493},
    timestamp = {Mon, 23 Sep 2019 18:07:15 +0200},
    biburl    = {https://dblp.org/rec/journals/corr/abs-1909-06493.bib},
    bibsource = {dblp computer science bibliography, https://dblp.org}
}

@article{Reinforcement_Learning_for_UAV_Attitude_Control,
    author    = {William Koch and
                Renato Mancuso and
                Richard West and
                Azer Bestavros},
    title     = {Reinforcement Learning for {UAV} Attitude Control},
    journal   = {CoRR},
    volume    = {abs/1804.04154},
    year      = {2018},
    url       = {http://arxiv.org/abs/1804.04154},
    eprinttype = {arXiv},
    eprint    = {1804.04154},
    timestamp = {Mon, 13 Aug 2018 16:48:14 +0200},
    biburl    = {https://dblp.org/rec/journals/corr/abs-1804-04154.bib},
    bibsource = {dblp computer science bibliography, https://dblp.org}
}

@article{PPO_algorithms,
    author    = {John Schulman and
                Filip Wolski and
                Prafulla Dhariwal and
                Alec Radford and
                Oleg Klimov},
    title     = {Proximal Policy Optimization Algorithms},
    journal   = {CoRR},
    volume    = {abs/1707.06347},
    year      = {2017},
    url       = {http://arxiv.org/abs/1707.06347},
    eprinttype = {arXiv},
    eprint    = {1707.06347},
    timestamp = {Mon, 13 Aug 2018 16:47:34 +0200},
    biburl    = {https://dblp.org/rec/journals/corr/SchulmanWDRK17.bib},
    bibsource = {dblp computer science bibliography, https://dblp.org}
}

@article{Optimal_Sliding_Mode_Controller_for_Fixed-wing_UAV,
    author          = {廖晉揚},
    journal         = {淡江大學航空太空工程學系碩士班},
    title           = {定翼無人機的最佳順滑模態控制},
    year            = {2022}
}

